<record><leader>00000cas a22000007a 4500</leader><controlfield tag="001">13296494</controlfield><controlfield tag="008">860314d18861888pauwr ne      0    0eng d</controlfield><datafield ind1=" " ind2=" " tag="010"><subfield code="a">sn 86081182 </subfield></datafield><datafield ind1=" " ind2=" " tag="040"><subfield code="a">NPH</subfield><subfield code="b">eng</subfield><subfield code="c">NPH</subfield><subfield code="d">OCLCQ</subfield></datafield><datafield ind1=" " ind2=" " tag="042"><subfield code="a">msc</subfield></datafield><datafield ind1="0" ind2="4" tag="245"><subfield code="a">The Sharon leader.</subfield></datafield><datafield ind1=" " ind2=" " tag="260"><subfield code="a">Shingle House, Pa. :</subfield><subfield code="b">Sharon Pub. Co.</subfield></datafield><datafield ind1=" " ind2=" " tag="300"><subfield code="a">v. :</subfield><subfield code="b">ill. ;</subfield><subfield code="c">59 cm.</subfield></datafield><datafield ind1="1" ind2=" " tag="362"><subfield code="a">Began with May 4, 1886 issue; ceased in 1888.</subfield><subfield code="z">Cf. Potter Co. newspapers, 1838-1960.</subfield></datafield><datafield ind1=" " ind2=" " tag="500"><subfield code="a">Published every Thursday.</subfield></datafield><datafield ind1=" " ind2=" " tag="500"><subfield code="a">Also published in Ceres, Pa. Cf. Potter Co. newspapers, 1838-1960.</subfield></datafield><datafield ind1=" " ind2=" " tag="580"><subfield code="a">Merged with: Ceres courant, to form: Oswayo Valley mail (Shinglehouse, Pa. : 1888) (non-extant).</subfield></datafield><datafield ind1=" " ind2=" " tag="588"><subfield code="a">Description based on: Vol. 2, no. 4 (June 9, 1887).</subfield></datafield><datafield ind1=" " ind2=" " tag="752"><subfield code="a">United States</subfield><subfield code="b">Pennsylvania</subfield><subfield code="c">Potter</subfield><subfield code="d">Shinglehouse.</subfield></datafield><datafield ind1=" " ind2=" " tag="752"><subfield code="a">United States</subfield><subfield code="b">Pennsylvania</subfield><subfield code="c">McKean</subfield><subfield code="d">Ceres.</subfield></datafield><datafield ind1="1" ind2="7" tag="785"><subfield code="t">Ceres courant</subfield><subfield code="w">(DLC)sn 86081183</subfield></datafield><datafield ind1="1" ind2="7" tag="785"><subfield code="t">Oswayo Valley mail (Shinglehouse, Pa. : 1888)</subfield></datafield><datafield ind1="1" ind2=" " tag="029"><subfield code="a">AU@</subfield><subfield code="b">000025813371</subfield></datafield></record>